@book{di_pietro_ern_2012,
	address = {Berlin; New York},
	title = {Mathematical {Aspects} of {Discontinuous} {Galerkin} {Methods}},
	isbn = {978-3-642-22980-0 3-642-22980-8},
	language = {English},
	publisher = {Springer},
	author = {Di Pietro, Daniele Antonio and Ern, Alexandre},
	year = {2012}
}

@article{van_der_zee_model,
	title = {Numerical {Simulation} of a {Thermodynamically} {Consistent} {Four}-{Species} {Tumor} {Growth} {Model}},
	volume = {28},
	number = {1},
	journal = {International Journal for Numerical Methods in Biomedical Engineering},
	author = {Hawkins-Daarud, Andrea and van der Zee, Kristoffer G. and Tinsley Oden, J.},
	month = jan,
	year = {2012},
	pages = {3--24}
}

@article{acosta2021upwind,
	title={An upwind {DG} scheme preserving the maximum principle for the convective {Cahn}-{Hilliard} model},
	author={Acosta-Soba, Daniel and Guill{\'e}n-Gonz{\'a}lez, Francisco and Rodr{\'\i}guez-Galv{\'a}n, J Rafael},
	journal={arXiv preprint arXiv:2111.07313},
	year={2021}
}

@article{mazen_saad_2014,
	title = {On the efficacy of a control volume finite element method for the capture of patterns for a volume-filling chemotaxis model},
	volume = {68},
	number = {9},
	journal = {Computers \& Mathematics with Applications},
	author = {Ibrahim, Moustafa and Saad, Mazen},
	month = nov,
	year = {2014},
	pages = {1032--1051},
}

@article{Riviere_DG_advect_CH_2018,
	title = {A finite volume / discontinuous {Galerkin} method for the advective {Cahn}â€“{Hilliard} equation with degenerate mobility on porous domains stemming from micro-{CT} imaging},
	volume = {22},
	number = {2},
	journal = {Computational Geosciences},
	author = {Frank, Florian and Liu, Chen and Alpak, Faruk O. and Riviere, Beatrice},
	month = apr,
	year = {2018},
	pages = {543--563},
}